@Article{art1,
  author =       "Author Name",
  title =        "Book Title",
  journal =      "Lecture Notes in Autonomous System",
  volume =       "1001",
  publisher =    "UFO",
  pages =        "900--921",
  year =         "2003",
  coden =        "LNCSD9",
  ISSN =         "0302-2345",
  bibdate =      "Sat Dec 7 10:05:42 MST 2003",
}

@misc{sünderhauf2017dual,
      title={{Dual Quadrics from Object Detection BoundingBoxes as Landmark Representations in SLAM}}, 
      author={Niko Sünderhauf and Michael Milford},
      year={2017},
      eprint={1708.00965},
      archivePrefix={arXiv},
      primaryClass={cs.RO}
}

@ARTICLE{7919240,
  author={Rubino, Cosimo and Crocco, Marco and Del Bue, Alessio},
  journal={IEEE Transactions on Pattern Analysis and Machine Intelligence}, 
  title={3D Object Localisation from Multi-View Image Detections}, 
  year={2018},
  volume={40},
  number={6},
  pages={1281-1294},
  doi={10.1109/TPAMI.2017.2701373}}

  @ARTICLE{orbslam,
  author={Mur-Artal, Raúl and Montiel, J. M. M. and Tardós, Juan D.},
  journal={IEEE Transactions on Robotics}, 
  title={{ORB-SLAM: A Versatile and Accurate Monocular SLAM System}}, 
  year={2015},
  volume={31},
  number={5},
  pages={1147-1163},
  doi={10.1109/TRO.2015.2463671}}

@INPROCEEDINGS{linesegment,
  author={Lemaire, Thomas and Lacroix, Simon},
  booktitle={Proceedings 2007 IEEE International Conference on Robotics and Automation}, 
  title={{Monocular-vision based SLAM using Line Segments}}, 
  year={2007},
  volume={},
  number={},
  pages={2791-2796},
  doi={10.1109/ROBOT.2007.363894}}

  @INPROCEEDINGS{infiniteplanes,
  author={Kaess, Michael},
  booktitle={2015 IEEE International Conference on Robotics and Automation (ICRA)}, 
  title={{Simultaneous localization and mapping with infinite planes}}, 
  year={2015},
  volume={},
  number={},
  pages={4605-4611},
  doi={10.1109/ICRA.2015.7139837}}

  @INPROCEEDINGS{slam++,
  author={Salas-Moreno, Renato F. and Newcombe, Richard A. and Strasdat, Hauke and Kelly, Paul H.J. and Davison, Andrew J.},
  booktitle={2013 IEEE Conference on Computer Vision and Pattern Recognition}, 
  title={{SLAM++: Simultaneous Localisation and Mapping at the Level of Objects}}, 
  year={2013},
  volume={},
  number={},
  pages={1352-1359},
  doi={10.1109/CVPR.2013.178}}

@INPROCEEDINGS{semanticfusion,
  author={McCormac, John and Handa, Ankur and Davison, Andrew and Leutenegger, Stefan},
  booktitle={2017 IEEE International Conference on Robotics and Automation (ICRA)}, 
  title={SemanticFusion: Dense 3D semantic mapping with convolutional neural networks}, 
  year={2017},
  volume={},
  number={},
  pages={4628-4635},
  doi={10.1109/ICRA.2017.7989538}}

@MastersThesis{dataassosciation,
    author     =     {Kamil Kaminski},
    title     =     {{Data association for object-based SLAM}},
    school     =     {KTH Royal Institute of Technology},
    address     =     {Stockholm, Sverige},
    year     =     {2020},
    }

@misc{gtsam,
  author       = {Frank Dellaert and GTSAM Contributors},
  title        = {{Georgia Tech Borg Lab - GTSAM}},
  month        = May,
  year         = 2022,
  publisher    = {Georgia Tech Borg Lab},
  version      = {4.2a8},
  doi          = {10.5281/zenodo.5794541},
  howpublished = {\url{https://github.com/borglab/gtsam}},
  url          = {https://github.com/borglab/gtsam}}


@article{orientation_factor,
  title={{An Orientation Factor for Object-Oriented SLAM}},
  author={Natalie Jablonsky and Michael Milford and Niko S{\"u}nderhauf},
  journal={ArXiv},
  year={2018},
  volume={abs/1809.06977}
}

@INPROCEEDINGS{rgbd,
  author={Sturm, Jürgen and Engelhard, Nikolas and Endres, Felix and Burgard, Wolfram and Cremers, Daniel},
  booktitle={2012 IEEE/RSJ International Conference on Intelligent Robots and Systems}, 
  title={{A benchmark for the evaluation of RGB-D SLAM systems}}, 
  year={2012},
  volume={},
  number={},
  pages={573-580},
  keywords={},
  doi={10.1109/IROS.2012.6385773},
  ISSN={2153-0866},
  month={Oct},}

@ARTICLE{quadric2,
  author={Nicholson, Lachlan and Milford, Michael and Sünderhauf, Niko},
  journal={IEEE Robotics and Automation Letters}, 
  title={{QuadricSLAM: Dual Quadrics From Object Detections as Landmarks in Object-Oriented SLAM}}, 
  year={2019},
  volume={4},
  number={1},
  pages={1-8},
  keywords={},
  doi={10.1109/LRA.2018.2866205},
  ISSN={2377-3766},
  month={Jan},}


@INPROCEEDINGS{oaslam,
  author={Zins, Matthieu and Simon, Gilles and Berger, Marie-Odile},
  booktitle={2022 IEEE International Symposium on Mixed and Augmented Reality (ISMAR)}, 
  title={OA-SLAM: Leveraging Objects for Camera Relocalization in Visual SLAM}, 
  year={2022},
  volume={},
  number={},
  pages={720-728},
  keywords={},
  doi={10.1109/ISMAR55827.2022.00090},
  ISSN={1554-7868},
  month={Oct},}

@inproceedings{StructureAS,
  title={Structure Aware SLAM Using Quadrics and Planes},
  author={Mehdi Hosseinzadeh and Yasir Latif and Trung T. Pham and Niko S{\"u}nderhauf and Ian D. Reid},
  booktitle={Asian Conference on Computer Vision},
  year={2018}
}

@INPROCEEDINGS{infpla1,
  author={Kaess, Michael},
  booktitle={2015 IEEE International Conference on Robotics and Automation (ICRA)}, 
  title={Simultaneous localization and mapping with infinite planes}, 
  year={2015},
  volume={},
  number={},
  pages={4605-4611},
  keywords={},
  doi={10.1109/ICRA.2015.7139837},
  ISSN={1050-4729},
  month={May},}

@INPROCEEDINGS{infpla2,
  author={Taguchi, Yuichi and Jian, Yong-Dian and Ramalingam, Srikumar and Feng, Chen},
  booktitle={2013 IEEE International Conference on Robotics and Automation}, 
  title={Point-plane SLAM for hand-held 3D sensors}, 
  year={2013},
  volume={},
  number={},
  pages={5182-5189},
  keywords={},
  doi={10.1109/ICRA.2013.6631318},
  ISSN={1050-4729},
  month={May},}

@inproceedings{effplaneseg,
  title={Efficient Organized Point Cloud Segmentation with Connected Components},
  author={Alexander J. B. Trevor and Suat Gedikli and Radu Bogdan Rusu and Henrik I. Christensen},
  booktitle={In: 3rd Workshop on Semantic Perception Mapping and Exploration (SPME), Karlsruhe, Germany},
  year={2013}
}

@ARTICLE{orbslam2,
  author={Mur-Artal, Raúl and Tardós, Juan D.},
  journal={IEEE Transactions on Robotics}, 
  title={ORB-SLAM2: An Open-Source SLAM System for Monocular, Stereo, and RGB-D Cameras}, 
  year={2017},
  volume={33},
  number={5},
  pages={1255-1262},
  doi={10.1109/TRO.2017.2705103}}
